<record><leader>00000cas a22000007a 4500</leader><controlfield tag="001">21941908</controlfield><controlfield tag="008">900629d19171983gauwr ne      0    0eng d</controlfield><datafield ind1=" " ind2=" " tag="010"><subfield code="a">sn 88054056 </subfield></datafield><datafield ind1=" " ind2=" " tag="040"><subfield code="a">NLG</subfield><subfield code="b">eng</subfield><subfield code="c">NLG</subfield><subfield code="d">GUA</subfield><subfield code="d">OCLCQ</subfield><subfield code="d">OCLCF</subfield><subfield code="d">OCLCO</subfield></datafield><datafield ind1="1" ind2=" " tag="029"><subfield code="a">AU@</subfield><subfield code="b">000040517835</subfield></datafield><datafield ind1=" " ind2=" " tag="042"><subfield code="a">msc</subfield></datafield><datafield ind1=" " ind2=" " tag="043"><subfield code="a">n-us-ga</subfield></datafield><datafield ind1="0" ind2="4" tag="245"><subfield code="a">The Haralson County tribune.</subfield></datafield><datafield ind1="3" ind2="0" tag="246"><subfield code="a">Bremen gateway &amp; the Haralson County tribune</subfield></datafield><datafield ind1=" " ind2=" " tag="260"><subfield code="a">Buchanan, Ga. :</subfield><subfield code="b">Floyd Robertson, d 1917-1983.</subfield></datafield><datafield ind1=" " ind2=" " tag="300"><subfield code="a">v.</subfield></datafield><datafield ind1=" " ind2=" " tag="310"><subfield code="a">Weekly</subfield></datafield><datafield ind1="0" ind2=" " tag="362"><subfield code="a">Vol. 20, no. 29 (May 10, 1917)-v. 85, no. 29 (Aug. 25, 1983).</subfield></datafield><datafield ind1=" " ind2=" " tag="500"><subfield code="a">Published as: The Bremen gateway &amp; the Haralson County tribune, &lt;Nov. 24, 1982&gt;</subfield></datafield><datafield ind1=" " ind2=" " tag="530"><subfield code="a">Also on microfilm: Athens, Ga. : University of Georgia Libraries.</subfield></datafield><datafield ind1=" " ind2=" " tag="580"><subfield code="a">Merged with: Bremen gateway, and: Tallapoosa journal-beacon, to form: The Haralson gateway-beacon.</subfield></datafield><datafield ind1=" " ind2="0" tag="651"><subfield code="a">Buchanan (Ga.)</subfield><subfield code="v">Newspapers.</subfield></datafield><datafield ind1=" " ind2="0" tag="651"><subfield code="a">Haralson County (Ga.)</subfield><subfield code="v">Newspapers.</subfield></datafield><datafield ind1=" " ind2="7" tag="655"><subfield code="a">Newspapers.</subfield><subfield code="2">fast</subfield><subfield code="0">(OCoLC)fst01423814</subfield></datafield><datafield ind1=" " ind2="7" tag="651"><subfield code="a">Georgia</subfield><subfield code="z">Buchanan.</subfield><subfield code="2">fast</subfield><subfield code="0">(OCoLC)fst01299982</subfield></datafield><datafield ind1=" " ind2="7" tag="651"><subfield code="a">Georgia</subfield><subfield code="z">Haralson County.</subfield><subfield code="2">fast</subfield><subfield code="0">(OCoLC)fst01211766</subfield></datafield><datafield ind1=" " ind2=" " tag="752"><subfield code="a">United States</subfield><subfield code="b">Georgia</subfield><subfield code="c">Haralson</subfield><subfield code="d">Buchanan.</subfield></datafield><datafield ind1="0" ind2="0" tag="780"><subfield code="t">Tribune (Buchanan, Ga.)</subfield><subfield code="w">(DLC)sn 89054001</subfield><subfield code="w">(OCoLC)21941828</subfield></datafield><datafield ind1="1" ind2="7" tag="785"><subfield code="t">Bremen gateway</subfield><subfield code="w">(DLC)sn 88054055</subfield><subfield code="w">(OCoLC)21941735</subfield></datafield><datafield ind1="1" ind2="7" tag="785"><subfield code="t">Tallapoosa journal-beacon</subfield><subfield code="w">(DLC)sn 88054054</subfield><subfield code="w">(OCoLC)21942002</subfield></datafield><datafield ind1="1" ind2="7" tag="785"><subfield code="t">Haralson gateway-beacon</subfield><subfield code="w">(DLC)sn 83004516</subfield><subfield code="w">(OCoLC)10029273</subfield></datafield></record>